2584 4542
222 511 307 606 264
383 499 959 603 nmL.Mauueer1uFlMAE

274 665 406 748 vultus
433 669 493 746 tui
515 672 559 745 in
583 662 757 744 tenebras
782 665 1018 760 conversum·
1040 668 1114 772 eli,

160 852 164 863 ,
246 767 372 850 -risus
402 789 492 850 tuus
524 763 715 846 resolutus
744 764 864 846 estin
890 793 1111 850 moerorem.

266 864 376 977 ,Ec'ce
398 868 581 982 tenebra,
604 893 694 958 ecce
715 893 877 970 moeror,
912 895 1013 951 ecce
1040 895 1113 952 no-

231 973 235 978 ’
274 971 393 1056 tabile
438 970 658 1076 presagium
695 974 959 1076 experimento
989 971 1145 1054 flebili

237 1160 244 1166 ,
275 1074 596 1156 consummatum.
646 1074 685 1153 Si
699 1069 848 1154 fortasse
867 1070 917 1156 fic
943 1073 1112 1155 tenebris

274 1176 451 1278 inversa,
496 1171 546 1256 fic
595 1173 854 1255 moestitudine
900 1171 1112 1281 tabefadla,

275 1279 386 1380 quod
394 1275 561 1358 necdum
571 1276 821 1382 recognoscas
837 1277 1114 1382 nectenebras,
1146 1340 1151 1353 .

272 1405 348 1462 nec
364 1389 570 1460 moerores
611 1383 671 1458 En
703 1381 907 1484 optimates
927 1383 986 1460 tui
1007 1379 1114 1462 obti-

186 1554 190 1556 ,
273 1494 442 1562 nuerunt
461 1507 687 1584 moerorem,
711 1483 888 1587 princeps
904 1499 1005 1562 tuus·
1019 1507 1112 1585 prc-

273 1587 390 1689 cipue
419 1583 671 1684 tenebrescit,
698 1581 865 1688 populus
902 1602 993 1664 tuus
1015 1610 1114 1664 rnoe·

208 1701 221 1774 ‚⁴
272 1684 364 1777 rdre
376 1685 545 1767 tabescit.
598 1688 736 1766 Exitus
753 1710 937 1787 aquarum
947 1684 1112 1768 deduxit

198 1831 207 1842 ··
272 1788 414 1870 oculos
431 1786 575 1893 plebis,
601 1791 692 1890 quia
708 1785 1113 1968 calipatoculusprin-
1162 1840 1163 1886 ,

272 1894 372 1996 cipis
389 1891 596 1997 suspiciens
612 1895 653 1970 in
668 1888 779 1969 excel
799 1916 877 1971 um.
930 1890 1000 1992 Ille
1027 1907 1114 1970 tur·
1163 1920 1164 1958 l

198 668 203 683 Ι

243 1989 611 2097 ἣἰηιωεείὶὶιιῐοιτε,
628 1995 848 2094 quoniam
875 2049 885 2070 .
912 2047 923 2068 .
965 2051 992 2088 ,Α
1014 2015 1114 2073 con·
1164 2002 1166 2094 ᾗ

270 2095 491 2176 tenebratus
507 2093 560 2174 est
589 2092 637 2174 ab
659 2096 798 2174 e'rrore.
851 2096 996 2174 Merito
1020 2097 1113 2196 qui·

272 2195 365 2276 dem
379 2193 620 2274 moerendum
636 2193 690 2276 est
713 2192 829 2315 quod·
842 2193 950 2302 plebs
973 2199 1110 2276 immi-

271 2314 388 2396 nuta,
414 2322 494 2375 non
508 2294 639 2395 illesa,
665 2299 852 2378 immunis
869 2295 1020 2380 malitie
1038 2325 1108 2378 ve-

270 2418 319 2478 ro
336 2400 525 2503 inprimis,
543 2400 583 2477 in
599 2397 730 2479 labore
746 2425 952 2501 manuum,
980 2403 1021 2479 in
1043 2401 1111 2480 su-

135 2525 140 2533 ’
205 2559 209 2565 ·
270 2497 371 2580 dore*
385 2497 586 2603 vultuum,
608 2501 650 2581 in
664 2518 831 2582 tremore
840 2527 1110 2606 genuum,non

268 2599 410 2685 sinatur
426 2602 628 2684 comedere
649 2629 788 2708 panem
807 2603 946 2705 suum,
971 2601 1038 2683 sed
1057 2603 1110 2684 il-

266 2701 345 2785 iius
361 2694 462 2792 same
478 2704 691 2812 repleantur
705 2705 970 2826 regishorrea‚
998 2701 1108 2788 illius

268 2803 326 2886 fiti
345 2806 558 2887 redundent
575 2807 799 2907 torcularia,
824 2807 929 2889 illius
951 2807 1108 2889 nudita-

210 2948 219 2996 ,ς
267 2923 308 2986 te
325 2911 473 3010 pertice
485 2903 685 3014 fulgeant,
702 2912 896 2992 incortice
909 2927 1109 3014 turgeant:

268 3005 377 3089 illius
394 3011 523 3112 inopia
542 3008 955 3102 calcariadeaurentur,
979 3016 1106 3092 cratia

269 3109 527 3190 cumulentur.
580 3118 725 3194 Verum
740 3131 868 3194 tamen
882 3111 908 3194 fi
924 3139 993 3193 rex
1009 3128 1102 3194 tuus

266 3229 412 3308 tantam
453 3211 584 3294 saltem
632 3213 849 3298 observaret
890 3214 1103 3319 justitiam,

266 3332 447 3416 quantam
465 3317 590 3405 canis3
641 3335 685 3397 ut
705 3313 799 3418 ficut
814 3315 878 3397 ille
886 3327 1103 3423 pauperum

267 3416 400 3496 caseos
416 3442 436 3495 a
452 3415 650 3521 muribus,
674 3415 799 3512 ficziste
815 3421 1103 3521 atprannismi·

267 3516 430 3606 neribus
445 3535 633 3600 tueretur:
649 3517 710 3616 ¹fic
726 3518 794 3598 ille
806 3545 1022 3626 pauperum
1036 3545 1101 3602 ca-

261 3617 354 3697 seos
371 3640 393 3706 a
408 3617 584 3706 muribus
599 3621 842 3704 conservatos
857 3619 1105 3703 soluscorross

146 3840 157 3863 l
226 3742 233 3747 ·
268 3717 391 3823 deret,
413 3715 1106 3910 siciliesubditorumsubllantiarpliall}
